@article{bishop1994neural,
	title={Neural networks and their applications},
	author={Bishop, Chris M},
	journal={Review of scientific instruments},
	volume={65},
	number={6},
	pages={1803--1832},
	year={1994},
	publisher={American Institute of Physics}
}